@online{vmware,
note = "[Online]",
author = "VMWare",
title = "¿En qué consiste la virtualización?",
url = "https://www.vmware.com/es/solutions/virtualization.html",
}

@article{watson53,
author = "Watson, James and Crick, Francis",
title = "Molecular structure of nucleic acids",
journal = "Nature",
year = "1953",
number = "4356",
pages = "737-738",
volume = "171",
note = "Notas opcionales"
}
